<record><leader>00000cas a22000007a 4500</leader><controlfield tag="001">166254361</controlfield><controlfield tag="008">070822c20079999iluer ne      |   a0eng c</controlfield><datafield ind1=" " ind2=" " tag="010"><subfield code="a">  2007215479</subfield></datafield><datafield ind1=" " ind2=" " tag="040"><subfield code="a">NSD</subfield><subfield code="b">eng</subfield><subfield code="c">NSD</subfield><subfield code="d">NSD</subfield><subfield code="d">OCLCQ</subfield></datafield><datafield ind1=" " ind2=" " tag="012"><subfield code="l">1</subfield></datafield><datafield ind1="0" ind2=" " tag="022"><subfield code="a">1939-5450</subfield><subfield code="l">1939-5450</subfield><subfield code="2">1</subfield></datafield><datafield ind1=" " ind2=" " tag="037"><subfield code="b">WWW Publishing Inc., P.O. Box 686, Winfield IL, 60190</subfield><subfield code="c">$49.00</subfield></datafield><datafield ind1=" " ind2=" " tag="042"><subfield code="a">nsdp</subfield><subfield code="a">pcc</subfield></datafield><datafield ind1="1" ind2="0" tag="050"><subfield code="a">ISSN RECORD</subfield></datafield><datafield ind1="1" ind2="0" tag="082"><subfield code="a">071</subfield><subfield code="2">14</subfield></datafield><datafield ind1=" " ind2="4" tag="222"><subfield code="a">The Winfield register</subfield></datafield><datafield ind1="0" ind2="4" tag="245"><subfield code="a">The Winfield register.</subfield></datafield><datafield ind1=" " ind2=" " tag="260"><subfield code="a">Winfield, IL :</subfield><subfield code="b">WWW Pub.</subfield></datafield><datafield ind1=" " ind2=" " tag="300"><subfield code="a">v.</subfield></datafield><datafield ind1=" " ind2=" " tag="310"><subfield code="a">Biweekly</subfield></datafield><datafield ind1="1" ind2=" " tag="362"><subfield code="a">Began with Index 714 on Apr. 4, 2007.</subfield></datafield><datafield ind1=" " ind2=" " tag="588"><subfield code="a">Description based on Index 727 (July 3, 2007); title from caption.</subfield></datafield><datafield ind1=" " ind2=" " tag="752"><subfield code="a">United States</subfield><subfield code="b">Illinois</subfield><subfield code="c">DuPage</subfield><subfield code="d">Winfield.</subfield></datafield><datafield ind1="1" ind2=" " tag="029"><subfield code="a">AU@</subfield><subfield code="b">000042140956</subfield></datafield></record>